% https://verbosus.com/bibtex-style-examples.html

@article{hales1993simple,
  title={A simple definition of transfer factors for unramified groups},
  author={Hales, Thomas C},
  journal={Contemporary Mathematics},
  volume={145},
  pages={109--109},
  year={1993},
  publisher={American Mathematical Society}
}

@article{waldspurger2006endoscopie,
  title={Endoscopie et changement de caract{\'e}ristique},
  author={Waldspurger, J},
  journal={Journal-Institute of Mathematics of Jussieu},
  volume={5},
  number={3},
  pages={423},
  year={2006},
  publisher={Cambridge Univ Press}
}

@book{carter1985finite,
  title={Finite groups of Lie type: Conjugacy classes and complex characters},
  author={Carter, Roger William},
  volume={5},
  year={1985},
  publisher={John Wiley \& Sons}
}

@article{ngo2010lemme,
  title={Le lemme fondamental pour les algebr\`es de {Lie}},
  author={Ng{\^o}, Bao Ch{\^a}u},
  journal={Publications math{\'e}matiques de l'IH{\'E}S},
  volume={111},
  number={1},
  pages={1--169},
  year={2010},
  publisher={Springer}
}


@article{hales1995fundamental,
  title={On the fundamental lemma for standard endoscopy: reduction to unit elements},
  author={Hales, Thomas C},
  journal={Canadian Journal of Mathematics},
  volume={47},
  number={5},
  pages={974--994},
  year={1995},
  publisher={Toronto, Published for the Canadian Mathematical Society by the University of Toronto Press.}
}

@article{langlands1987definition,
  title={On the definition of transfer factors},
  author={Langlands, Robert P and Shelstad, Diana},
  journal={Mathematische Annalen},
  volume={278},
  number={1},
  pages={219--271},
  year={1987},
  publisher={Springer}
}

@incollection{kazhdan1983lifting,
  title={On lifting},
  author={Kazhdan, David},
  booktitle={Lie Group Representations II},
  pages={209--249},
  year={1983},
  publisher={Springer}
}

@incollection{langlands2007descent,
  title={Descent for transfer factors},
  author={Langlands, R and Shelstad, Diana},
  booktitle={The Grothendieck Festschrift},
  pages={485--563},
  year={2007},
  publisher={Springer}
}

@unpublished{bouthier,
  title={G\'eom\'etrisation du lemme fondamental pour l'alg\`ebre de {H}ecke},
  author={Bouthier, Alexis},
  year={2015},
  note={\url{http://arxiv.org/abs/1502.07148}}}

@unpublished{LMW,
  title={Le lemme fondamental pour l'endoscopie tordue: r{\'e}duction aux {\'e}l{\'e}ments unit{\'e}s},
  author={Lemaire, Bertrand and M{\oe}glin, Colette and Waldspurger, Jean--Loup},
  note={\url{http://arxiv.org/abs/1506.03383}},
  year={2015}
}


@unpublished{vanleeuwen,
  title={Inverting the {Weyl} character formula},
  author={van~Leeuwen, Marc},
  year={2013},
  note={\url{https://mathoverflow.net/questions/20188}}
  }

@unpublished{casymmetric,
  title={Symmetric powers and the {Satake} transform},
  author={Casselman, William},
  note={preprint},
  year={2016}
}

@unpublished{cassstructure,
  title={A simple way to compute structure constants},
  author={Casselman, William},
  note={in preparation},
  year={2016}
}



@unpublished{casselman2005companion,
  title={A companion to {Macdonald}â€™s book on $p$-adic spherical functions},
  author={Casselman, William},
  note={preprint},
  year={2005}
}

@unpublished{cass-symmetric,
  title={Symmetric powers and the {Satake} transform},
  author={Casselman, William},
  note={preprint},
  year={2016}
}

@article{casselman1980unramified,
  title={The unramified principal series of $p$-adic groups. {I}. The spherical function},
  author={Casselman, William},
  journal={Compositio Mathematica},
  volume={40},
  number={3},
  pages={387--406},
  year={1980}
}



@article{cluckers2008constructible,
  title={Constructible motivic functions and motivic integration},
  author={Cluckers, Raf and Loeser, Fran{\c{c}}ois},
  journal={Inventiones mathematicae},
  volume={173},
  number={1},
  pages={23--121},
  year={2008},
  publisher={Springer}
}


@article{gordon,
  title={Endoscopic transfer of orbital integrals in large residual characteristic},
  author={Gordon, Julia and Hales, Thomas},
  journal={American Journal of Mathematics},
  volume={138},
  number={1},
  pages={109--148},
  year={2016},
  publisher={The Johns Hopkins University Press}
}

@incollection{cluckers2011transfer,
  title={Transfer principle for the fundamental lemma}, 
  booktitle={On the stabilization of the trace formula},
  editor={Clozel, L. and Harris, M. and  Labesse,  J.-P. and  Ng{\^o}, B.-C.},
  author={Cluckers, Raf and Hales, Thomas and Loeser, Fran{\c{c}}ois},
  journal={arXiv preprint arXiv:0712.0708},
  year={2011},
  publisher={International Press of Boston}
}



@article{chriss,
  title={A geometric construction of the {Iwahori}--{Hecke} algebra for unramified groups},
  author={Chriss, Neil},
  journal={Pacific Journal of Mathematics},
  volume={179},
  number={1},
  pages={11--57},
  year={1997},
  publisher={Mathematical Sciences Publishers}
}

@article{duan,
  title={On the inverse {Kostka} matrix},
  author={Duan, Haibao},
  journal={Journal of Combinatorial Theory, Series A},
  volume={103},
  number={2},
  pages={363--376},
  year={2003},
  publisher={Elsevier}
}

@book{goodman,
  title={Representations and invariants of the classical groups},
  author={Goodman, Roe and Wallach, Nolan R},
  volume={68},
  year={2000},
  publisher={Cambridge University Press}
}

@article{kato1982spherical,
  title={Spherical functions and a $q$-analogue of {Kostant}'s weight multiplicity formula},
  author={Kato, Shin-ichi},
  journal={Inventiones mathematicae},
  volume={66},
  number={3},
  pages={461--468},
  year={1982},
  publisher={Springer}
}


@article{macdonaldspherical,
  title={Spherical functions on a group of p-adic type}, 
  author={Macdonald, Ian G},
  publisher={Ramanujan Institute, Centre for Advanced Study in Mathematics, University of Madras},
  year={1971},
  journal={Publications of the {Ramanujan} Institute},
  number={2}
}

@phdthesis{cely,
  author       = {Jorge E. Cely}, 
  title        = {Motivic integration, the {Satake} transform, and the fundamental lemma},
  school       = {University of Pittsburgh},
  year         = 2016,
  month        = 7
}

@article{cluckers2010constructible,
  title={Constructible exponential functions, motivic {Fourier} transform and transfer principle},
  author={Cluckers, Raf and Loeser, Fran{\c{c}}ois},
  journal={Annals of mathematics},
  pages={1011--1065},
  year={2010},
  publisher={JSTOR}
}

@article{haines2016dualities,
  title={Dualities for root systems with automorphisms and applications to non-split groups},
  author={Haines, Thomas J},
  journal={arXiv preprint arXiv:1604.01468},
  year={2016}
}

@article{kumar2009characters,
  title={Characters of simplylaced nonconnected groups verus characters of nonsimplylaced connected groups},
  author={Kumar, Shrawan and Lusztig, George and Prasad, Dipendra},
  journal={Contemp. Math},
  volume={478},
  pages={99--101},
  year={2009}
}

@article{zhu2011geometric,
  title={The geometric {Satake} correspondence for ramified groups},
  author={Zhu, Xinwen},
  journal={arXiv preprint arXiv:1107.5762},
  year={2011}
}

@article{kottwitz1999foundations,
  title={Foundations of twisted endoscopy},
  author={Kottwitz, Robert E and Shelstad, Diana},
  journal={Ast{\'e}risque},
  year={1999},
  publisher={Soci{\'e}t{\'e} math{\'e}matique de France}
}

@article{kottwitz1982rational,
  title={Rational conjugacy classes in reductive groups},
  author={Kottwitz, Robert and others},
  journal={Duke Math. J},
  volume={49},
  number={4},
  pages={785--806},
  year={1982}
}

@article{haines2003iwahori,
  title={Iwahori-hecke algebras},
  author={Haines, Thomas J and Kottwitz, Robert E and Prasad, Amritanshu},
  journal={arXiv preprint math/0309168},
  year={2003}
}

@article{mirkovic2007geometric,
  title={Geometric {Langlands} duality and representations of algebraic groups over commutative rings},
  author={Mirkovi{\'c}, Ivan and Vilonen, Kari},
  journal={Annals of mathematics},
  volume={166},
  number={1},
  pages={95--143},
  year={2007},
  publisher={JSTOR}
}

@article{kostant1961lie,
  title={Lie algebra cohomology and the generalized {Borel-Weil} theorem},
  author={Kostant, Bertram},
  journal={Annals of Mathematics},
  pages={329--387},
  year={1961},
  publisher={JSTOR}
}

@article{jantzen1977darstellungen,
  title={Darstellungen halbeinfacher {Gruppen} und kontravariante {Formen}.},
  author={Jantzen, Jens C},
  journal={Journal f{\"u}r die reine und angewandte Mathematik},
  volume={290},
  pages={117--141},
  year={1977}
}

@article{wendt2001weyl,
  title={Weyl's character formula for non-connected Lie groups and orbital theory for twisted affine Lie algebras},
  author={Wendt, Robert},
  journal={Journal of Functional Analysis},
  volume={180},
  number={1},
  pages={31--65},
  year={2001},
  publisher={Elsevier}
}

@article{cluckers2011btransfer,
  title={Transfer principles for integrability and boundedness conditions for motivic exponential functions},
  author={Cluckers, Raf and Gordon, Julia and Halupczok, Immanuel},
  journal={arXiv preprint arXiv:1111.4405},
  year={2011}
}

@article{cluckers2011local,
  title={Local integrability results in harmonic analysis on reductive groups in large positive characteristic},
  author={Cluckers, Raf and Gordon, Julia and Halupczok, Immanuel},
  journal={arXiv preprint arXiv:1111.7057},
  year={2011}
}

@article{lusztig1983singularities,
  title={Singularities, character formulas, and a q-analog of weight multiplicities},
  author={Lusztig, George},
  journal={Ast{\'e}risque},
  volume={101},
  number={102},
  pages={208--229},
  year={1983}
}

@book{steinberg1968endomorphisms,
  title={Endomorphisms of algebraic groups},
  author={Steinberg, R},
  year={1968},
  publisher={AMS}
}

@book{springer2010linear,
  title={Linear algebraic groups},
  author={Springer, Tonny Albert},
  year={2010},
  publisher={Springer Science \& Business Media}
}

@article{bruhat1972groupes,
  title={Groupes r{\'e}ductifs sur un corps local},
  author={Bruhat, Fran{\c{c}}ois and Tits, Jacques},
  journal={Publications Math{\'e}matiques de l'IH{\'E}S},
  volume={41},
  number={1},
  pages={5--251},
  year={1972},
  publisher={Springer}
}