@article{Kup,
  title={Double-lattice packings of convex bodies in the plane},
  author={Kuperberg, Greg and Kuperberg, Wlodzimierz},
  journal={Discrete \& Computational Geometry},
  volume={5},
  number={4},
  pages={389--397},
  year={1990},
  publisher={Springer}
}

@unpublished{Val,
  title={Computing upper bounds for the packing density of congruent
copies of a convex body},
  author={de Oliveira Filho, Fernando M\'ario and Vallentin, Frank },
  year={2013},
  note={\url{arxiv.org/abs/1308.4893}}}

@unpublished{Git,
   year={2016},
   note={\url{www.github.com/flyspeck}},
   key={Pentagon computations}}

@inproceedings{All,
  title={Implementing an interval computation library for OCaml on
x86/amd64 architectures},
  author={Alliot, Jean-Marc and Gotteland, Jean-Baptiste and Vanaret,
Charlie and Durand, Nicolas and Gianazza, David},
  booktitle={OUD 2012, OCaml Users and Developers workshop},
  year={2012}
}

@phdthesis{Kus,
  title={Bounds on packing density via slicing},
  author={Kusner, W{\"o}den},
  year={2014},
  school={University of Pittsburgh}
}



