% References.
%  https://verbosus.com/bibtex-style-examples.html
%

@book{zelikin2012theory,
  title={Theory of chattering control: with applications to astronautics, robotics, economics, and engineering},
  author={Zelikin, Michail I and Borisov, Vladimir F},
  year={2012},
  publisher={Springer Science \& Business Media}
}

@article{hales2011reinhardt,
  title={On the {Reinhardt} Conjecture},
  author={Hales, Thomas C},
  journal={Vietnam Journal of Mathematics},
  volume={39},
  number={3},
  pages={287--307},
  year={2011},
  note={arXiv:1103.4518}
}

@article{monroy1998non,
  title={Non-Euclidean {Dubins}' problem},
  author={Monroy-P{\'e}rez, Felipe},
  journal={Journal of dynamical and control systems},
  volume={4},
  number={2},
  pages={249--272},
  year={1998},
  publisher={Springer}
}

@article{mittenhuber1998dubins,
  title={{Dubins}â€™ problem in hyperbolic space},
  author={Mittenhuber, Dirk},
  journal={Geometric Control and Non-Holonomic Mechanics},
  volume={25},
  pages={101--114},
  year={1998}
}

@article{nazarov1988reinhardt,
  title={Reinhardt's problem of lattice packings of convex domains: Local extremality of the Reinhardt octagon},
  author={Nazarov, FL},
  journal={Journal of Mathematical Sciences},
  volume={43},
  number={5},
  pages={2687--2693},
  year={1988},
  publisher={Springer}
}

@misc{baez,
  author={John Baez},
  title={Packing Smoothed Octagons},
  month={11},
  year={2014},
  note={\url{http://blogs.ams.org/visualinsight/2014/11/01/packing-smoothed-octagons/}}
}

@misc{baez-egan,
  author={John Baez and Greg Egan},
  title={A Packing Pessimization Problem},
  month={9},
  year={2014},
  note={\url{https://golem.ph.utexas.edu/category/2014/09/a_packing_pessimization_proble.html}}
}

@article{Reinhardt:1934,
author={K. Reinhardt}, 
title={\"{U}ber die dichteste gitterf\"ormige {L}agerung
kongruenter {B}ereiche in der 
{E}bene und eine besondere {A}rt konvexer {K}urven}, 
journal={Abh. Math. Sem., Hamburg, Hansischer Univ., Hamburg},
volume={10}, 
pages={216--230}, 
year={1934},
}

@article{Nazarov,
author={F. L. Nazarov}, 
title={On the {R}einhardt problem of lattice packings
of convex regions, Local extremality of the {R}einhardt octagon},
journal={J. Soviet Math},
volume={43},
issue={5},
year={1988}, 
pages={2687--2693},
}

@book{liberzon2012calculus,
  title={Calculus of variations and optimal control theory: a concise introduction},
  author={Liberzon, Daniel},
  year={2012},
  publisher={Princeton University Press}
}

@book{agrachev2013control,
  title={Control theory from the geometric viewpoint},
  author={Agrachev, Andrei A and Sachkov, Yuri},
  volume={87},
  year={2013},
  publisher={Springer Science \& Business Media}
}

