@article{friedl,
  title={An elementary proof of the group law for elliptic curves},
  author={Friedl, Stefan},
  journal={The Group Law on Elliptic Curves},
  year={1998}
}

@incollection{thery2007primality,
  title={Primality proving with elliptic curves},
  author={Th{\'e}ry, Laurent and Hanrot, Guillaume},
  booktitle={Theorem Proving in Higher Order Logics},
  pages={319--333},
  year={2007},
  publisher={Springer}
}

@article{russinoffcomputationally,
  title={A Computationally Surveyable Proof of the Curve25519 Group Axioms},
  author={Russinoff, David M},
  journal={Unpublished manuscript, www.russinoff.com/papers/group.pdf}
}

@article{edwards2007normal,
  title={A normal form for elliptic curves},
  author={Edwards, Harold},
  journal={Bulletin of the American Mathematical Society},
  volume={44},
  number={3},
  pages={393--422},
  year={2007}
}

@techreport{thery2007proving,
  title={Proving the group law for elliptic curves formally},
  author={Thery, Laurent},
  year={2007},
  institution={Technical Report RT-0330, INRIA}
}

@incollection{bernstein2008twisted,
  title={Twisted {Edwards} curves},
  author={Bernstein, Daniel J and Birkner, Peter and Joye, Marc and Lange, Tanja and Peters, Christiane},
  booktitle={Progress in Cryptology--AFRICACRYPT 2008},
  pages={389--405},
  year={2008},
  publisher={Springer}
}

@incollection{bernstein2007faster,
  title={Faster addition and doubling on elliptic curves},
  author={Bernstein, Daniel J and Lange, Tanja},
  booktitle={Advances in cryptology--ASIACRYPT 2007},
  pages={29--50},
  year={2007},
  publisher={Springer}
}

@incollection{bartzia2014formal,
  title={A Formal Library for Elliptic Curves in the {Coq} Proof Assistant},
  author={Bartzia, Evmorfia-Iro and Strub, Pierre-Yves},
  booktitle={Interactive Theorem Proving},
  pages={77--92},
  year={2014},
  publisher={Springer}
}

